@manual{Apple,
	title  = {COVID-19 Mobility Trends Reports},
	author = {Apple},
	note   = "\url{https://apple.com/covid19/mobility/}, visited last: \today"
}

@manual{Google,
	title  = {COVID-19 Community Mobility Reports},
	author = {Apple},
	note   = "\url{https://google.com/covid19/mobility/}, visited last: \today"
}

@manual{Opensky,
	title  = {OpenSky Network Flightlists},
	author = {OpenSky Network},
	note   = "\url{https://opensky-network.org/datasets/covid-19/}, visited last: \today"
}

@manual{Flightradar24,
	title  = {Flightradar24 Air Traffic Statistics},
	author = {Flightradar24},
	note   = "\url{https://flightradar24.com/data/statistics/}, visited last: \today"
}

@manual{EC_emissions,
	title  = {Reducing emissinos from aviation},
	author = {European Commission},
	note   = "\url{ec.europa.eu/clima/policies/transport/aviation_en}, visited last: \today"
}