@Article{Hunter:2007,
  Author    = {Hunter, J. D.},
  Title     = {Matplotlib: A 2D graphics environment},
  Journal   = {Computing in Science \& Engineering},
  Volume    = {9},
  Number    = {3},
  Pages     = {90--95},
  abstract  = {Matplotlib is a 2D graphics package used for Python for
  application development, interactive scripting, and publication-quality
  image generation across user interfaces and operating systems.},
  publisher = {IEEE COMPUTER SOC},
  doi       = {10.1109/MCSE.2007.55},
  year      = 2007
}

@misc{PopulationData,
	title = {Population figures for countries, regions (e.g. Asia) and the world},
	howpublished = {\url{https://datahub.io/core/population#data}},
	note = {Accessed: 2020-06-28}
}

@misc{Bing,
	title = {Bing COVID-19 data},
	howpublished = {\url{https://www.bing.com/covid}},
	note = {Accessed: 2020-06-28}
}

@misc{JohnsHopkins,
	title = {COVID-19 Data Repository by the Center for Systems Science and Engineering (CSSE) at Johns Hopkins University},
	howpublished = {\url{https://github.com/CSSEGISandData/COVID-19}},
	note = {Accessed: 2020-06-28}
}

@manual{Cartopy,
	author = {{Met Office}},
	title = {Cartopy: a cartographic python library with a matplotlib interface},
	year = {2010 - 2015},
	address = {Exeter, Devon },
	url = {https://scitools.org.uk/cartopy}
}

@misc{Postman,
	title = {The Collaboration Platform for API Development},
	howpublished = {\url{https://www.postman.com/}},
	note = {Accessed: 2020-06-28}
}

@misc{Orange,
	title = {Orange Visual Programming},
	howpublished = {\url{https://orange3.readthedocs.io/}},
	note = {Accessed: 2020-06-28}
}
