@manual{NasaAPIs,
	title  = {NASA APIs},
	author = {NASA},
	note   = "\url{https://api.nasa.gov/}, visited last: \today"
}

@manual{GloMonLab,
	title  = {Trends in Atmospheric Carbon Dioxide},
	author = {Dr. Pieter Tans, NOAA/ESRL and Dr. Ralph Keeling, Scripps Institution of Oceanography},
	note   = "\url{https://www.esrl.noaa.gov/gmd/ccgg/trends/data.html}, visited last: \today"
}

@manual{edgar,
	title  = {CO2 and GHG Emission Reports},
	author = {Crippa, M., Oreggioni, G., Guizzardi, D., Muntean, M., Schaaf, E., Lo Vullo, E., Solazzo, E., Monforti-Ferrario, F., Olivier, J.G.J., Vignati, E.},
	note   = "\url{https://edgar.jrc.ec.europa.eu/overview.php?v=50_GHG}, visited last: \today"
}

@manual{iea,
	title  = {CO2 Emissions from Fuel Combustion},
	author = {IEA},
	note   = "\url{https://www.iea.org/subscribe-to-data-services/co2-emissions-statistics}, visited last: \today"
}

@manual{india,
	title  = {Air Quality Data in India (2015 - 2020) },
	author = {India Government},
	note   = "\url{https://www.kaggle.com/rohanrao/air-quality-data-in-india?select=city_day.csv}, visited last: \today"
}

@manual{madrid,
	title  = {Air quality madrid 2001-2020},
	author = {Madrid Government},
	note   = "\url{https://www.kaggle.com/miguelsxvi/air-quality-madrid-2001-2020?select=Interprete_ficheros_+calidad_+del_+aire_global.pdf}, visited last: \today"
}

@manual{histo,
	title  = {Air Quality Data},
	author = {Air Quality Historical Data Platform},
	note   = "\url{https://aqicn.org/data-platform/register/}, visited last: \today"
}